@article{ponciano2018agreement,
   title={Agreement-based credibility assessment and task replication in human computation systems},
   author={Ponciano, Lesandro and Brasileiro, Franciso},
   journal={Future Generation Computer Systems},
   volume={87},
   pages={159--170},
   year={2018},
   publisher={Elsevier}
}
@article{ferreira,
   title={História oral},
   subtitle={um método para investigar o ensino de física para estudantes cegos},
   author={Ferreira, Amauri Carlos and Dickman, Adriana Gomes},
   journal={Revista Brasileira de Educa\c{c}\~{a}o Especial},
   volume={21},
   number={2},
   pages={245--258},
   year={2015}
}
@book{arroyo,
author = {Arroyo, Miguel G.},
title = {Ofício de mestre},
subtitle = {Imagens e auto-imagens},
edition = {15},
address = {Petrópolis},
publisher = {Vozes},
year = {2013}
}
@incollection{bordieu,
    author = {Bordieu, Pierre},
    editor={Bordieu, Pierre},
    editortype={Org.},
    edition={11},
    title = {Espaço social e espaço simbólico},
    booktitle = {Razões práticas},
    booksubtitle = {sobre a teoria da ação},
    furtherresp = {Tradução: Mariza Corrêa},
    publisher = {Papirus},
    address = {Campinas},
    year = {2011},
    chapter = {1},
    pages = {13--27}
}

@book{swokowski1994,
    address={São Paulo},
    author={Earl W. Swokowski and Vera Regina L. F. Flores and Quint{\~ao} Moreno, M{\’a}rcio},
    edition={2},
    furtherresp={Tradução: Alfredo Alves de Faria. Revisão técnica: Antonio Pertence Júnior},
    publisher={Makron Books do Brasil},
    title={Cálculo de geometria analítica},
    year={1994}
}


@book{manualpucartigo,
   organization = {Pontif\'icia Universidade Cat\'olica de Minas Gerais},
   title = {Orientações para elaboração de artigo científico},
   subtitle = {{NBR:6022:2018-Associação Brasileira de Normas Técnicas (ABNT)}},
   address = {Belo Horizonte},
   publisher = {PUC Minas},
   year = {2019},
   note = {Disponível em: <www.pucminas.br/biblioteca>. Acesso em: 15 de abr. 2021}
 }
 @book{manualpucref,
   organization = {Pontif\'icia Universidade Cat\'olica de Minas Gerais},
   title = {Elaboração de referências},
   subtitle = {Associação Brasileira de Normas Técnicas 6023 – atualizada em 14-11-2018},
   edition = {3},
   address = {Belo Horizonte},
   publisher = {PUC Minas},
   year = {2019},
   note = {Disponível em: <www.pucminas.br/biblioteca>. Acesso em: 15 de abr. 2021}
 }
 @book{manualpuccit,
   organization = {Pontif\'icia Universidade Cat\'olica de Minas Gerais},
   title = {Citar e referenciar},
   subtitle = {orientações para aplicabilidade das normas da Associação Brasileira de Normas Técnicas ({ABNT}) – atualizada em 14-11-2018},
   edition = {3},
   address = {Belo Horizonte},
   publisher = {PUC Minas},
   year = {2019},
   note = {Disponível em: <www.pucminas.br/biblioteca>. Acesso em: 15 de abr. 2021}
 }
 @inproceedings{kogut,
   author = {Kogut, M. C.},
   title = {A formação docente},
   subtitle = {Os saberes e a identidade do professor},
   conference-year = {2015},
   booktitle={Anais [...]},
   publisher = {PUCPR},
   address = {Curitiba},
   organization = {CONGRESSO NACIONAL DE EDUCAÇÃO},
   conference-number = {12},
   year = {2015},
   conference-location = {Curitiba},
}
@inproceedings{ponciano2017designing,
   author = {Ponciano, Lesandro and Barbosa, Pedro and Brasileiro, Francisco and Brito, Andrey and Andrade, Nazareno},
   title = {Designing for Pragmatists and Fundamentalists: Privacy Concerns and Attitudes on the Internet of Things},
   conference-year = {2017},
   booktitle={Anais [...]},
   publisher = {Association for Computing Machinery},
   address = {New York},
   organization = {Brazilian Symposium on Human Factors in Computing Systems},
   conference-number = {16},
   pages = {1--10},
   year = {2017},
   conference-location = {Joinville},
}
@mastersthesis{exemplodiss,
      author = {Maria Luiza Barbosa Pertence},
      title = {Ensino de física para estudantes cegos},
      subtitle = {Oficina sobre criação e adaptação de materiais didáticos para professores e licenciandos},
      school = {Pontifícia Universidade Católica de Minas Gerais},
      year = {2021},
      address = {Belo Horizonte}
}

@phdthesis{exemplotese,
      author = {Dickman, Adriana Gomes},
      title = {Transições de Fases de Não-equilíbrio em Sistemas de Partículas Interagentes},
      school = {Universidade Federal de Minas Gerais},
      year = {1996},
      address = {Belo Horizonte}
     }